<?xml version="1.0" encoding="UTF-8"?><collection xmlns="http://www.loc.gov/MARC21/slim"><record><leader>00401nam--2200133-i-4500</leader><controlfield tag="001">000032856</controlfield><controlfield tag="002">20161230</controlfield><controlfield tag="005">20161230201039</controlfield><controlfield tag="008">060222s1000------------r-----000-0-eng-d</controlfield><datafield ind1=" " ind2=" " tag="080"><subfield code="a">9(043)</subfield></datafield><datafield ind1=" " ind2=" " tag="100"><subfield code="a">Mari, Aid</subfield></datafield><datafield ind1=" " ind2=" " tag="245"><subfield code="a">Der handel zwischen syrien und babylonien im achtzehnten jahrhundert vor christus. dissertation</subfield></datafield><datafield ind1=" " ind2=" " tag="260"><subfield code="a">Wurzburg, Julius-maximilians-universitat, 1985, 220p</subfield></datafield><datafield ind1=" " ind2=" " tag="852"><subfield code="a">73044</subfield></datafield></record></collection>